@misc{CD4ML,
title = { Continuous Delivery for Machine Learning } ,
author = {} ,
howpublished =  "https://martinfowler.com/articles/cd4ml.html",
year = {},
note = "[Online; accessed 15-December-2019]"
}

@misc{Rs4ML,
title = { Rules of Machine Learning: Best Practices for ML Engineering } ,
author = {} ,
howpublished =  "https://developers.google.com/machine-learning/guides/rules-of-ml",
year = {},
note = "[Online; accessed 15-December-2019]"
}

@misc{MLTD,
title = { Hidden Technical Debt in Machine Learning Systems } ,
author = {} ,
howpublished =  "https://research.google/pubs/pub43146/",
year = {},
note = "[Online; accessed 15-December-2019]"
}

@misc{MSCS,
title = { Software Engineering for Machine Learning: A Case Study } ,
author = {} ,
howpublished =  "https://doi.org/10.1109/ICSE-SEIP.2019.00042",
year = {},
note = "[Online; accessed 15-December-2019]"
}

@misc{SD4DL,
title = { Software development best practices in a deep learning environment } ,
author = {} ,
howpublished =  "https://towardsdatascience.com/software-development-best-practices-in-a-deep-learning-environment-a1769e9859b1",
year = {},
note = "[Online; accessed 15-December-2019]"
}

@misc{DMP,
title = { Data management challenges in production machine learning } ,
author = {} ,
howpublished =  "https://storage.googleapis.com/pub-tools-public-publication-data/pdf/45a9dcf23dbdfa24dbced358f825636c58518afa.pdf",
year = {},
note = "[Online; accessed 15-December-2019]"
}

@misc{VML,
title = { Versioning for end-to-end machine learning pipelines } ,
author = {} ,
howpublished =  "https://doi.org/10.1145/3076246.3076248",
year = {},
note = "[Online; accessed 15-December-2019]"
}

@misc{MLOps,
title = { ML Ops: Machine Learning as an engineered disciplined } ,
author = {} ,
howpublished =  "https://towardsdatascience.com/ml-ops-machine-learning-as-an-engineering-discipline-b86ca4874a3f",
year = {},
note = "[Online; accessed 15-December-2019]"
}

@misc{MLArch,
title = { Preparing and Architecting for Machine Learning } ,
author = {} ,
howpublished =  "https://www.gartner.com/binaries/content/assets/events/keywords/catalyst/catus8/preparing_and_architecting_for_machine_learning.pdf",
year = {},
note = "[Online; accessed 15-December-2019]"
}

@misc{MLTS,
title = { Whatâ€™s your ML Test Score? A rubric for ML production systems } ,
author = {} ,
howpublished =  "nan",
year = {},
note = "[Online; accessed 15-December-2019]"
}

@misc{SLRML,
title = { Preliminary Systematic Literature Review of Machine Learning System Development Process } ,
author = {} ,
howpublished =  "https://arxiv.org/abs/1910.05528",
year = {},
note = "[Online; accessed 15-December-2019]"
}

@misc{MLLG,
title = { Machine Learning Logistics } ,
author = {} ,
howpublished =  "https://mapr.com/ebook/machine-learning-logistics/",
year = {},
note = "[Online; accessed 15-December-2019]"
}

@misc{MLGov,
title = { Model Governance Reducing the Anarchy of Production } ,
author = {} ,
howpublished =  "https://www.usenix.org/conference/atc18/presentation/sridhar",
year = {},
note = "[Online; accessed 15-December-2019]"
}

@misc{OPML,
title = { Operational Machine Learning } ,
author = {} ,
howpublished =  "https://www.kdnuggets.com/2018/04/operational-machine-learning-successful-mlops.html",
year = {},
note = "[Online; accessed 15-December-2019]"
}

@misc{CTPML,
title = { Continuous Training for Production ML in the TensorFlow Extended (TFX) Platform } ,
author = {} ,
howpublished =  "https://www.usenix.org/system/files/opml19papers-baylor.pdf",
year = {},
note = "[Online; accessed 15-December-2019]"
}

@misc{DLB,
title = { The curse of big data labeling and three ways to solve it  } ,
author = {} ,
howpublished =  "https://aws.amazon.com/blogs/apn/the-curse-of-big-data-labeling-and-three-ways-to-solve-it/",
year = {},
note = "[Online; accessed 15-December-2019]"
}

@misc{DLML,
title = { The ultimate guide to data labeling for ML } ,
author = {} ,
howpublished =  "https://www.cloudfactory.com/data-labeling-guide",
year = {},
note = "[Online; accessed 15-December-2019]"
}

@misc{DCML,
title = { A Survey on Data Collection for Machine Learning A Big Data - AI Integration Perspective_2019 } ,
author = {} ,
howpublished =  "DOI: 10.1109/TKDE.2019.2946162",
year = {},
note = "[Online; accessed 15-December-2019]"
}

@misc{DOML,
title = { How to organize data labelling for ML } ,
author = {} ,
howpublished =  "https://www.altexsoft.com/blog/datascience/how-to-organize-data-labeling-for-machine-learning-approaches-and-tools/",
year = {},
note = "[Online; accessed 15-December-2019]"
}

@misc{DQML,
title = { Data quality model } ,
author = {} ,
howpublished =  "More info in the paper: A Data Quality in Use model for BigData, Table 2",
year = {},
note = "[Online; accessed 15-December-2019]"
}

@misc{MLFAIR,
title = { Fairness Indicators } ,
author = {} ,
howpublished =  "https://ai.googleblog.com/2019/12/fairness-indicators-scalable.html",
year = {},
note = "[Online; accessed 15-December-2019]"
}

@misc{MLRES,
title = { Responsible AI practices } ,
author = {} ,
howpublished =  "https://ai.google/responsibilities/responsible-ai-practices/",
year = {},
note = "[Online; accessed 15-December-2019]"
}

@misc{DSTEAM,
title = { Team Data Science Process Documentation } ,
author = {} ,
howpublished =  "https://docs.microsoft.com/en-us/azure/machine-learning/team-data-science-process/",
year = {},
note = "[Online; accessed 15-December-2019]"
}

@misc{MLTEAM,
title = { How do teams work together on automated ML projects } ,
author = {} ,
howpublished =  "https://azure.microsoft.com/en-us/blog/how-do-teams-work-together-on-an-automated-machine-learning-project/",
year = {},
note = "[Online; accessed 15-December-2019]"
}

@misc{MLPROD,
title = { Machine learning: Moving from experiments to production } ,
author = {} ,
howpublished =  "https://blog.codecentric.de/en/2019/03/machine-learning-experiments-production/",
year = {},
note = "[Online; accessed 15-December-2019]"
}

@misc{BPMLI,
title = { Best Practices in Machine Learning Infrastructure } ,
author = {} ,
howpublished =  "https://algorithmia.com/blog/best-practices-in-machine-learning-infrastructure",
year = {},
note = "[Online; accessed 15-December-2019]"
}

@misc{MMLP,
title = { Managing Machine Learning Projects } ,
author = {} ,
howpublished =  "https://d1.awsstatic.com/whitepapers/aws-managing-ml-projects.pdf",
year = {},
note = "[Online; accessed 15-December-2019]"
}

@misc{BPDL,
title = { 10 Best Practices for Deep Learning } ,
author = {} ,
howpublished =  "https://nanonets.com/blog/10-best-practices-deep-learning/#track-model-experiments",
year = {},
note = "[Online; accessed 15-December-2019]"
}

@misc{TDBML,
title = { Testing and Debugging in Machine Learning } ,
author = {} ,
howpublished =  " https://developers.google.com/machine-learning/testing-debugging/pipeline/production",
year = {},
note = "[Online; accessed 15-December-2019]"
}

@misc{MDLOPS,
title = { ModelOps: Cloud-based lifecycle management for reliable and trusted AI } ,
author = {} ,
howpublished =  "nan",
year = {},
note = "[Online; accessed 15-December-2019]"
}

@misc{PMLPP,
title = { Principled Machine Learning: Practices and Tools for Efficient Collaboration } ,
author = {} ,
howpublished =  "https://dev.to/robogeek/principled-machine-learning-4eho",
year = {},
note = "[Online; accessed 15-December-2019]"
}

@misc{TFX,
title = { TFX: A tensorflow-based Production-Scale ML Platform } ,
author = {} ,
howpublished =  "https://dl.acm.org/doi/pdf/10.1145/3097983.3098021?download=true",
year = {},
note = "[Online; accessed 15-December-2019]"
}

